@Article{HONE,
  author =       "P Sun, M. Yu, M. J. Freedman, J. Rexford, D. Walker",
  title =        "Programmable Host-Network Traffic Management",
  year =         "2013",
}

@Article{Hedera,
  author =	"M. Al-Fares, S. Radhakrishnan, B. Raghavan, N. Huang, A. Vahdat",
  title = 	"Hedera: Dynamic Flow Scheduling for Data Center Networks",
  publisher = 	"In USENIX NSDI",
  year = "2010"
}

@Article{PyResonance,
  author =	"H. Kim, A. Gupta, M. Shahbaz, J. Reich, N. Feamster, R. Clark",
  title = 	"Simpler Network Configuration with State-Based Network Policies",
  year = "2013"
}

@Article{Pyretic, 
  author = 	"C. Monsanto, J. Reich, N. Foster, J. Rexford, D. Walker",
  title = "Composing Software-Defined Networks",
  publisher = "In USENIX NSDI",
  year = "2013"
}

@Article{Ananta, 
  author = 	"P. Patel, D. Bansal, L. Yuan, A. Murthy, A. Greenberg,
D. A. Maltz, R. Kern, H. Kumar, M. Zikos, H. Wu,
C. Kim, N. Karri",
  title = "Ananta: Cloud Scale Load Balancing",
  publisher = "In SigComm",
  year = "2013"
}

@Article{Onix,
  author = "Teemu Koponen, Martin Casado, Natasha Gude, Jeremy Stribling, Leon Poutievski,
Min Zhu, Rajiv Ramanathan, Yuichiro Iwata, Hiroaki Inoue, Takayuki Hama, Scott Shenker"
  title = "Onix: A Distributed Control Platform for Large-scale Production Networks",
  publisher = "In OSDI",
  year = "2010"
}
